<record><leader>00000cas a22000007a 4500</leader><controlfield tag="001">13015565</controlfield><controlfield tag="008">860113d19541964njuwr ne      0    0eng d</controlfield><datafield ind1=" " ind2=" " tag="010"><subfield code="a">sn 86077011 </subfield></datafield><datafield ind1=" " ind2=" " tag="040"><subfield code="a">NPA</subfield><subfield code="b">eng</subfield><subfield code="c">NPA</subfield><subfield code="d">NJW</subfield><subfield code="d">OCLCQ</subfield></datafield><datafield ind1=" " ind2=" " tag="042"><subfield code="a">msc</subfield></datafield><datafield ind1="0" ind2=" " tag="130"><subfield code="a">Spokesman (South River, N.J. : 1954)</subfield></datafield><datafield ind1="1" ind2="0" tag="245"><subfield code="a">Spokesman.</subfield></datafield><datafield ind1=" " ind2=" " tag="260"><subfield code="a">South River, N.J. :</subfield><subfield code="b">Spokesman Pub. Co.,</subfield><subfield code="c">1954-1964.</subfield></datafield><datafield ind1=" " ind2=" " tag="300"><subfield code="a">v. :</subfield><subfield code="b">ill.</subfield></datafield><datafield ind1=" " ind2=" " tag="310"><subfield code="a">Weekly</subfield></datafield><datafield ind1="0" ind2=" " tag="362"><subfield code="a">Vol. 35, no. 19 (July 15, 1954)-v. 44, no. 13 (Apr. 1, 1964).</subfield></datafield><datafield ind1=" " ind2=" " tag="500"><subfield code="a">"South River, Sayreville, East Brunswick, Spotswood, Jamesburg, Helmetta, Old Bridge."</subfield></datafield><datafield ind1=" " ind2=" " tag="500"><subfield code="a">Published in East Brunswick, N.J., by the Sentinel Pub. Co., Apr. 14, 1960-Apr. 1, 1964.</subfield></datafield><datafield ind1=" " ind2=" " tag="530"><subfield code="a">Also issued on microfilm by the Rutgers University Library, Photoduplication Dept.</subfield></datafield><datafield ind1=" " ind2=" " tag="752"><subfield code="a">United States</subfield><subfield code="b">New Jersey</subfield><subfield code="c">Middlesex</subfield><subfield code="d">South River.</subfield></datafield><datafield ind1=" " ind2=" " tag="752"><subfield code="a">United States</subfield><subfield code="b">New Jersey</subfield><subfield code="c">Middlesex</subfield><subfield code="d">East Brunswick.</subfield></datafield><datafield ind1=" " ind2=" " tag="752"><subfield code="a">United States</subfield><subfield code="b">New Jersey</subfield><subfield code="c">Middlesex</subfield><subfield code="d">Sayerville.</subfield></datafield><datafield ind1=" " ind2=" " tag="752"><subfield code="a">United States</subfield><subfield code="b">New Jersey</subfield><subfield code="c">Middlesex</subfield><subfield code="d">Spotswood.</subfield></datafield><datafield ind1=" " ind2=" " tag="752"><subfield code="a">United States</subfield><subfield code="b">New Jersey</subfield><subfield code="c">Middlesex</subfield><subfield code="d">Jamesburg.</subfield></datafield><datafield ind1=" " ind2=" " tag="752"><subfield code="a">United States</subfield><subfield code="b">New Jersey</subfield><subfield code="c">Middlesex</subfield><subfield code="d">Helmetta.</subfield></datafield><datafield ind1=" " ind2=" " tag="752"><subfield code="a">United States</subfield><subfield code="b">New Jersey</subfield><subfield code="c">Middlesex</subfield><subfield code="d">Old Bridge.</subfield></datafield><datafield ind1="0" ind2="0" tag="780"><subfield code="t">Spokesman South River</subfield><subfield code="w">(DLC)sn 86077009</subfield></datafield><datafield ind1="0" ind2="0" tag="785"><subfield code="t">South River spokesman (1964)</subfield><subfield code="w">(DLC)sn 86077012</subfield></datafield></record>